@inproceedings{barbiero2023interpretable,
  title={Interpretable neural-symbolic concept reasoning},
  author={Barbiero, Pietro and Ciravegna, Gabriele and Giannini, Francesco and Zarlenga, Mateo Espinosa and Magister, Lucie Charlotte and Tonda, Alberto and Li{\'o}, Pietro and Precioso, Frederic and Jamnik, Mateja and Marra, Giuseppe},
  booktitle={International Conference on Machine Learning},
  pages={1801--1825},
  year={2023},
  organization={PMLR}
}
@inproceedings{koh2020concept,
  title={Concept bottleneck models},
  author={Koh, Pang Wei and Nguyen, Thao and Tang, Yew Siang and Mussmann, Stephen and Pierson, Emma and Kim, Been and Liang, Percy},
  booktitle={International conference on machine learning},
  pages={5338--5348},
  year={2020},
  organization={PMLR}
}
@article{espinosa2022concept,
  title={Concept embedding models: Beyond the accuracy-explainability trade-off},
  author={Espinosa Zarlenga, Mateo and Barbiero, Pietro and Ciravegna, Gabriele and Marra, Giuseppe and Giannini, Francesco and Diligenti, Michelangelo and Shams, Zohreh and Precioso, Frederic and Melacci, Stefano and Weller, Adrian and others},
  journal={Advances in Neural Information Processing Systems},
  volume={35},
  pages={21400--21413},
  year={2022}
}
@inproceedings{he2016residuallearning,
  title={Deep Residual Learning for Image Recognition},
  author={Kaiming He, Xiangyu Zhang, Shaoqing Ren, Jian Sun},
  booktitle={Proceedings of the IEEE conference on computer vision and pattern recognition},
  pages={770--778},
  year={2016}
}
@book{minsky1969perceptrons,
  title={Perceptrons; an Introduction to Computational Geometry},
  author={Minsky, M. and Papert, S.},
  isbn={9780262630221},
  lccn={69014379},
  url={https://books.google.it/books?id=Ow1OAQAAIAAJ},
  year={1969},
  publisher={MIT Press}
}
@misc{mahinpei2021promisespitfallsblackboxconcept,
      title={Promises and Pitfalls of Black-Box Concept Learning Models}, 
      author={Anita Mahinpei and Justin Clark and Isaac Lage and Finale Doshi-Velez and Weiwei Pan},
      year={2021},
      eprint={2106.13314},
      archivePrefix={arXiv},
      primaryClass={cs.LG},
      url={https://arxiv.org/abs/2106.13314}, 
}